@unpublished{brecheteau:hal-02266408,
  TITLE = {{A k-points-based distance for robust geometric inference}},
  AUTHOR = {Br{\'e}cheteau, Claire and Levrard, Cl{\'e}ment},
  URL = {https://hal.archives-ouvertes.fr/hal-02266408},
  NOTE = {working paper or preprint},
  YEAR = {2019},
  MONTH = Aug,
  PDF = {https://hal.archives-ouvertes.fr/hal-02266408/file/k_PDTM_version_finale_arxiv2.pdf},
  HAL_ID = {hal-02266408},
  HAL_VERSION = {v1},
}
